<record><leader>00000cas a22000007a 4500</leader><controlfield tag="001">1588863</controlfield><controlfield tag="008">750901d18911924mnuwr ne      0    0ger d</controlfield><datafield ind1=" " ind2=" " tag="010"><subfield code="a">sn 90059911 </subfield></datafield><datafield ind1=" " ind2=" " tag="040"><subfield code="a">MUL</subfield><subfield code="b">eng</subfield><subfield code="c">MUL</subfield><subfield code="d">NPX</subfield><subfield code="d">YOX</subfield><subfield code="d">MN#</subfield><subfield code="d">OCLCQ</subfield><subfield code="d">OCLCF</subfield><subfield code="d">OCLCO</subfield></datafield><datafield ind1="1" ind2=" " tag="029"><subfield code="a">AU@</subfield><subfield code="b">000025897325</subfield></datafield><datafield ind1=" " ind2=" " tag="042"><subfield code="a">msc</subfield></datafield><datafield ind1=" " ind2=" " tag="043"><subfield code="a">n-us-mn</subfield></datafield><datafield ind1=" " ind2=" " tag="052"><subfield code="a">4144</subfield><subfield code="b">M5</subfield></datafield><datafield ind1="0" ind2="0" tag="245"><subfield code="a">Minneapolis freie Presse-Herold.</subfield></datafield><datafield ind1=" " ind2=" " tag="260"><subfield code="a">Minneapolis, Minn. :</subfield><subfield code="b">Freie Presse-Herold Print. Co.,</subfield><subfield code="c">1891-1924.</subfield></datafield><datafield ind1=" " ind2=" " tag="300"><subfield code="a">35 v.</subfield></datafield><datafield ind1=" " ind2=" " tag="310"><subfield code="a">Weekly</subfield></datafield><datafield ind1="0" ind2=" " tag="362"><subfield code="a">22. Jahrg., Nr. 13 (9. Jan. 1891)-56. Jahrg., Nr. 13 (28. Nov. 1924).</subfield></datafield><datafield ind1=" " ind2=" " tag="500"><subfield code="a">Issues for Apr. 30, 1920-Nov. 30, 1923, dated also at Winona.</subfield></datafield><datafield ind1=" " ind2=" " tag="530"><subfield code="a">Available on microfilm from the Minnesota Historical Society.</subfield></datafield><datafield ind1=" " ind2=" " tag="546"><subfield code="a">In German.</subfield></datafield><datafield ind1=" " ind2="0" tag="650"><subfield code="a">Germans</subfield><subfield code="z">Minnesota</subfield><subfield code="v">Newspapers.</subfield></datafield><datafield ind1=" " ind2="0" tag="651"><subfield code="a">Minneapolis (Minn.)</subfield><subfield code="v">Newspapers.</subfield></datafield><datafield ind1=" " ind2="7" tag="655"><subfield code="a">Newspapers.</subfield><subfield code="2">fast</subfield><subfield code="0">(OCoLC)fst01423814</subfield></datafield><datafield ind1=" " ind2="7" tag="650"><subfield code="a">Germans.</subfield><subfield code="2">fast</subfield><subfield code="0">(OCoLC)fst00942100</subfield></datafield><datafield ind1=" " ind2="7" tag="651"><subfield code="a">Minnesota.</subfield><subfield code="2">fast</subfield><subfield code="0">(OCoLC)fst01204560</subfield></datafield><datafield ind1=" " ind2="7" tag="651"><subfield code="a">Minnesota</subfield><subfield code="z">Minneapolis.</subfield><subfield code="2">fast</subfield><subfield code="0">(OCoLC)fst01204260</subfield></datafield><datafield ind1=" " ind2=" " tag="752"><subfield code="a">United States</subfield><subfield code="b">Minnesota</subfield><subfield code="c">Hennepin</subfield><subfield code="d">Minneapolis.</subfield></datafield><datafield ind1="0" ind2="4" tag="780"><subfield code="t">Minneapolis freie Presse</subfield><subfield code="w">(DLC)sn 85025549</subfield></datafield><datafield ind1="0" ind2="4" tag="780"><subfield code="t">Minneapolis Herold</subfield></datafield><datafield ind1="0" ind2="0" tag="785"><subfield code="t">America-Herold (Winona, Minn. : Minneapolis ed.)</subfield><subfield code="w">(DLC)sn 86086895</subfield></datafield></record>